<record xmlns="http://www.loc.gov/MARC21/slim" xmlns:xsi="http://www.w3.org/2001/XMLSchema-instance" xsi:schemaLocation="http://www.loc.gov/MARC21/slim http://www.loc.gov/standards/marcxml/schema/MARC21slim.xsd"><leader>01616cz   2200301n  4500</leader><controlfield tag="001">oca00289097 </controlfield><controlfield tag="005">20050518121221.0</controlfield><controlfield tag="008">790702n| acannaab           |a aaa      </controlfield><datafield ind1=" " ind2=" " tag="010"><subfield code="a">n  79055990 </subfield><subfield code="z">sh 85136840 </subfield></datafield><datafield ind1=" " ind2=" " tag="040"><subfield code="a">DLC</subfield><subfield code="c">DLC</subfield><subfield code="d">DLC</subfield><subfield code="d">NjP</subfield><subfield code="d">DLC</subfield></datafield><datafield ind1="0" ind2=" " tag="100"><subfield code="a">Trajan,</subfield><subfield code="c">Emperor of Rome,</subfield><subfield code="d">53-117</subfield></datafield><datafield ind1="0" ind2=" " tag="400"><subfield code="a">Traiï¸&#160;aï¸¡n,</subfield><subfield code="c">Emperor of Rome,</subfield><subfield code="d">53-117</subfield></datafield><datafield ind1="0" ind2=" " tag="400"><subfield code="a">Trajanus,</subfield><subfield code="c">Emperor of Rome,</subfield><subfield code="d">53-117</subfield><subfield code="w">nna</subfield></datafield><datafield ind1="0" ind2=" " tag="400"><subfield code="a">Traianus,</subfield><subfield code="c">Emperor of Rome,</subfield><subfield code="d">53-117</subfield></datafield><datafield ind1="0" ind2=" " tag="400"><subfield code="a">Marcus Ulpius Traianus,</subfield><subfield code="c">Emperor of Rome,</subfield><subfield code="d">53-117</subfield></datafield><datafield ind1="0" ind2=" " tag="400"><subfield code="a">Traianus Pater,</subfield><subfield code="c">Emperor of Rome,</subfield><subfield code="d">53-117</subfield></datafield><datafield ind1="0" ind2=" " tag="400"><subfield code="a">TÌ£rayanus,</subfield><subfield code="c">Emperor of Rome,</subfield><subfield code="d">53-117</subfield></datafield><datafield ind1="0" ind2=" " tag="400"><subfield code="a">Nerva Traianus Augustus Germanicus,</subfield><subfield code="c">Emperor of Rome,</subfield><subfield code="d">53-117</subfield></datafield><datafield ind1="0" ind2=" " tag="400"><subfield code="a">Traianus Augustus Germanicus,</subfield><subfield code="c">Emperor of Rome,</subfield><subfield code="d">53-117</subfield></datafield><datafield ind1="0" ind2=" " tag="400"><subfield code="a">Trajano, M. Ulpius,</subfield><subfield code="c">Emperor of Rome,</subfield><subfield code="d">53-117</subfield></datafield><datafield ind1="0" ind2=" " tag="400"><subfield code="a">Marco Ulpio Traiano,</subfield><subfield code="c">Emperor of Rome,</subfield><subfield code="d">53-117</subfield></datafield><datafield ind1="0" ind2=" " tag="400"><subfield code="a">Traiano, Marco Ulpio,</subfield><subfield code="c">Emperor of Rome,</subfield><subfield code="d">53-117</subfield></datafield><datafield ind1=" " ind2=" " tag="670"><subfield code="a">Nani, T. P. Traiano, 1949.</subfield></datafield><datafield ind1=" " ind2=" " tag="670"><subfield code="a">LoÌ&#x88;wenstein, H. Traianus, c1981:</subfield><subfield code="b">t.p. (Traianus) pref., etc. (Marcus Ulpius Traianus; Traianus Pater; Trajan)</subfield></datafield><datafield ind1=" " ind2=" " tag="670"><subfield code="a">MekÌ£orot la-pulmus shel KÌ£itÌ£os, 1969:</subfield><subfield code="b">t.p. (TÌ£rayanus)</subfield></datafield><datafield ind1=" " ind2=" " tag="670"><subfield code="a">Imp. Caes. Nerva Traianvs Avg., 1993:</subfield><subfield code="b">p. 230, etc. (Imperator Caesar Nervae Filius [i.e. son of Nerva, the preceding emperor] Nerva Traianus Augustus Germanicus; Traianus Augustus Germanicus)</subfield></datafield><datafield ind1=" " ind2=" " tag="670"><subfield code="a">Trajano, emperador de Roma, c2000:</subfield><subfield code="b">t.p. (Trajano) p. 11 (M. Ulpius Trajano) p. 12 (M. Ulpius Traianus el JoÌ&#x81;ven)</subfield></datafield><datafield ind1=" " ind2=" " tag="670"><subfield code="a">Optimus princeps, c1999:</subfield><subfield code="b">(Traiano) p. 11 (Marco Ulpio Traiano)</subfield></datafield></record>